
@article{frow:midlevel,
    title = {On Midlevel Concepts},
    volume = {41},
    number = {2},
    journal = {New Literary History},
    author = {Frow, John},
    year = {2010},
    keywords = {first\_class, online, required},
    url = {http://muse.jhu.edu.proxy.libraries.rutgers.edu/journals/new_literary_history/v041/41.2.frow.html},
    pages = {237--52}
}

@book{hull:sheik:rpt,
    title = {The Sheik},
    isbn = {9780812217636},
    publisher = {Pine Street Books},
    author = {Hull, E. M.},
    year = {2001},
    keywords = {online, required}
}

@book{webb:precious,
    title = {Precious Bane},
    isbn = {0860680630},
    publisher = {Virago},
    address = {London},
    author = {Webb, Mary},
    year = {1987},
    keywords = {supplemental}
}

@book{mills:sociological,
    address = {New York},
    title = {The Sociological Imagination},
    publisher = {Oxford University Press},
    author = {Mills, C. Wright},
    year = {2000},
    url = {https://sakai.rutgers.edu/access/content/group/f4c20120-44b2-4309-802a-543ef7f6a4cb/mills-sociological.pdf},
    keywords = {first\_class, sakai}
}

@book{fire:rpt,
    title = {Fire!!},
    subtitle = {A Quarterly Devoted to the Younger Negro Artists},
    publisher = {FIRE!! Press},
    year = {1990},
    url = {http://firepress.com/fire/fire.html},
    keywords = {periodical, supplemental}
}

@article{gibson:time,
    title = {\mkbibquote{Time Drops in Decay}: A Portrait of the Artist in History (ii), Chapter 2},
    volume = 44,
    shorttitle = {\mkbibquote{Time Drops in Decay}},
    url = {http://muse.jhu.edu.proxy.libraries.rutgers.edu/journals/james_joyce_quarterly/v044/44.4.gibson.html},
    number = 4,
    journal = {James Joyce Quarterly},
    author = {Gibson, Andrew},
    year = 2007,
    keywords = {online},
    pages = {697--717},
}

@book{hull:sheik:online,
    title = {The Sheik: A Novel},
    shorttitle = {The Sheik},
    url = {http://books.google.com/books?id=bhVHt3BHpvUC&printsec=frontcover&source=gbs_ge_summary_r&cad=0#v=onepage&q&f=false},
    publisher = {Small, Maynard},
    author = {Hull, Edith Maude},
    year = {1921},
    keywords = {online, required}
}

@book{thompson:merchants,
    edition = {2nd ed.},
    title = {Merchants of Culture: The Publishing Business in the Twenty-First Century},
    isbn = {9780745661063},
    shorttitle = {Merchants of Culture},
    publisher = {Plume},
    address = {New York},
    author = {Thompson, John B.},
    year = {2012},
    keywords = {required, sakai}
}

@book{bourdieu:rules,
    edition = {1},
    title = {The Rules of Art: Genesis and Structure of the Literary Field},
    isbn = {9780804726276},
    shorttitle = {The Rules of Art},
    publisher = {Stanford University Press},
    address = {Stanford, CA},
    author = {Bourdieu, Pierre},
    translator = {Emanuel, Susan},
    year = {1996},
    keywords = {required}
}

@book{locke:new,
    title = {The New Negro: Voices of the Harlem Renaissance},
    isbn = {9780684838311},
    shorttitle = {The New Negro},
    publisher = {Touchstone},
    address = {New York},
    editor = {Locke, Alain},
    year = {1999},
    keywords = {required}
}

@book{joyce:portrait,
    title = {A Portrait of the Artist as a Young Man},
    isbn = {9780199536443},
    publisher = {Oxford University Press},
    author = {Joyce, James},
    editor = {Johnson, Jeri},
    year = {2008},
    address = {Oxford},
    keywords = {alternatives\_ok, required}
}

@book{joyce:ulysses,
    title = {Ulysses},
    isbn = {9780394743127},
    publisher = {Vintage},
    author = {Joyce, James},
    editor = {Gabler, Hans Walter},
    year = {1986},
    address = {New York},
    keywords = {required}
}

@book{eliot:annotated-waste,
    edition = {2nd ed.},
    title = {The Annotated Waste Land with Eliot's Contemporary Prose},
    isbn = {9780300119947},
    shorttitle = {The Annotated Waste Land},
    publisher = {Yale University Press},
    author = {Eliot, T. S.},
    editor = {Rainey, Lawrence},
    address = {New Haven, CT},
    year = {2006},
    keywords = {alternatives\_ok, required}
}

@book{desani:hatterr,
    title = {All About H. Hatterr},
    isbn = {9781590172421},
    publisher = {New York Review Books},
    address = {New York},
    author = {Desani, G. V.},
    year = {2007},
    keywords = {required}
}

@book{chaudhuri:indian,
    title = {The Vintage Book of Modern Indian Literature},
    isbn = {037571300X},
    publisher = {Vintage},
    address = {New York},
    editor = {Chaudhuri, Amit},
    year = {2004},
    keywords = {optional}
}

@book{english:economy,
    title = {The Economy of Prestige: Prizes, Awards, and the Circulation of Cultural Value},
    isbn = {9780674030435},
    shorttitle = {The Economy of Prestige},
    publisher = {Harvard University Press},
    address = {Cambridge},
    author = {English, James F.},
    year = {2008},
    keywords = {required}
}

@book{morrison:bluest,
    title = {The Bluest Eye},
    isbn = {0307278441},
    publisher = {Vintage},
    address = {New York},
    author = {Morrison, Toni},
    year = {1970},
    keywords = {required}
}

@book{mcgurl:program,
    title = {The Program Era: Postwar Fiction and the Rise of Creative Writing},
    isbn = {9780674062092},
    shorttitle = {The Program Era},
    publisher = {Harvard University Press},
    author = {{McGurl}, Mark},
    address = {Cambridge},
    year = {2011},
    keywords = {required, sakai}
}

@book{lepenies:between,
    address = {Cambridge},
    title = {Between Literature and Science: The Rise of Sociology},
    isbn = {9780521338103},
    shorttitle = {Between Literature and Science},
    publisher = {Cambridge University Press},
    author = {Lepenies, Wolf},
    translator = {Hollingdale, R. J.},
    year = {1988},
    url = {https://sakai.rutgers.edu/access/content/group/f4c20120-44b2-4309-802a-543ef7f6a4cb/lepenies-between.pdf},
    keywords = {first\_class, sakai}
}

@book{mcdonald:british-literary-culture,
    Address = {Cambridge},
    Author = {McDonald, Peter D.},
    Keywords = {required,sakai},
    Publisher = {Cambridge University Press},
    Shorttitle = {British Literary Culture and Publishing Practice},
    Title = {British Literary Culture and Publishing Practice, 1880--1914},
    Year = {1997},
    url = {https://sakai.rutgers.edu/access/content/group/f4c20120-44b2-4309-802a-543ef7f6a4cb/mcdonald-british.pdf}
}

@book{radway:feeling,
    title = {A Feeling for Books: The Book-of-the-Month Club, Literary Taste, and Middle-Class Desire},
    isbn = {0807848301},
    shorttitle = {A Feeling for Books},
    publisher = {The University of North Carolina Press},
    address = {Chapel Hill},
    author = {Radway, Janice A.},
    year = {1999},
    keywords = {sakai}
}


@book{bennett:babylon,
    address = {London},
    edition = {new ed.},
    title = {The Grand Babylon Hotel: A Fantasia on Modern Themes},
    shorttitle = {The Grand Babylon Hotel},
    url = {http://archive.org/details/grandbabylonhote00bennuoft},
    publisher = {Chatto \& Windus},
    author = {Bennett, Arnold},
    year = {1904},
    keywords = {online}
}

@book{bennett:old,
    address = {New York},
    title = {The Old Wives' Tale},
    url = {http://archive.org/details/cu31924013586940},
    publisher = {Hodder \& Stoughton},
    author = {Bennett, Arnold},
    year = {1911},
    keywords = {online}
}

@book{bennett:truth,
    address = {New York},
    author = {Bennett, Arnold},
    title = {The Truth about an Author},
    url = {http://openlibrary.org/books/OL7067647M/The_truth_about_an_author.},
    publisher = {Doran},
    year = {1911},
    edition = {new ed.},
    keywords = {online} 
}


@incollection{hutton:joyce,
    Title = {Joyce, the Library Episode, and the Institutions of Revivalism},
    Author = {Clare Hutton},
    Editor = {Andrew Gibson and Len Platt},
    Booktitle = {Joyce, Ireland, Britain},
    Pages = {122--38},
    Address = {Gainesville},
    Publisher = {University Press of Florida},
    Year = {2006},
    keywords = {sakai},
    url = {https://sakai.rutgers.edu/access/content/group/f4c20120-44b2-4309-802a-543ef7f6a4cb/hutton-joyce.pdf}
}

@book{rainey:institutions,
    Address = {New Haven, CT},
    Author = {Rainey, Lawrence},
    Keywords = {sakai},
    Publisher = {Yale University Press},
    Shorttitle = {Institutions of Modernism},
    Title = {Institutions of Modernism: Literary Elites and Public Culture},
    Year = {1998},
    url = {https://sakai.rutgers.edu/access/content/group/f4c20120-44b2-4309-802a-543ef7f6a4cb/rainey-institutions.pdf}
}


@book{hutchinson:harlem,
    Address = {Cambridge},
    Author = {Hutchinson, George},
    Keywords = {sakai},
    Publisher = {Harvard University Press},
    Title = {The Harlem Renaissance in Black and White},
    Year = {1995},
    url = {https://sakai.rutgers.edu/access/content/group/f4c20120-44b2-4309-802a-543ef7f6a4cb/hutchinson-harlem.pdf}
}
    
@book{casanova:world,
    Address = {Cambridge},
    Author = {Casanova, Pascale},
    Keywords = {sakai},
    Publisher = {Harvard University Press},
    Title = {The World Republic of Letters},
    Shorttitle = {World Republic of Letters},
    Translator = {DeBevoise, M. B.},
    Year = {2004}
}

@article{moretti:conjectures-world,
    Author = {Moretti, Franco},
    Date = {2000-01/2000-02},
    Journal = {New Left Review},
    Keywords = {online},
    Pages = {54--68},
    Title = {Conjectures on World Literature},
    Volume = {1},
    url = {http://newleftreview.org.proxy.libraries.rutgers.edu/article/download_pdf?id=2094}
}

@article{long-so,
    Author = {Long, Hoyt and So, Richard},
    Title = {Network Analysis and the Sociology of Modernism},
    Keywords = {sakai},
    url = {http://lucian.uchicago.edu/blogs/literarynetworks/files/2012/11/NetworkAnalysis.pdf},
    annotation = {Preprint from essay forthcoming in \emph{boundary 2}.}
}

@book{morrisson:public,
    Author = {Morrisson, Mark S.},
    Keywords = {sakai},
    Address = {Madison},
    Publisher = {University of Wisconsin Press},
    Subtitle = {Little Magazines, Audiences, and Reception, 1905--1920},
    Title = {The Public Face of Modernism},
    Year = {2001},
    url = {https://sakai.rutgers.edu/access/content/group/f4c20120-44b2-4309-802a-543ef7f6a4cb/morrisson.pdf}
}

@book{thompson:media,
    Author = {Thompson, John B.},
    Title = {The Media and Modernity},
    sorttitle = {Media and Modernity},
    Keywords = {optional, sakai},
    Address = {Stanford, CA},
    Publisher = {Stanford University Press},
    Subtitle = {A Social Theory of the Media},
    Title = {The Media and Modernity},
    Year = {1995},
    url = {https://sakai.rutgers.edu/access/content/group/f4c20120-44b2-4309-802a-543ef7f6a4cb/thompson-media.pdf}
}

@book{guillory:cultural-capital,
    Author = {Guillory, John},
    subtitle = {The Problem of Literary Canon Formation},
    title = {Cultural Capital},
    Keywords = {sakai},
    Location = {Chicago},
    Publisher = {University of Chicago Press},
    Year = {1993}
}

@incollection{ransom:criticism-inc,
    Pages = {327--50},
    Title = {Criticism, Inc.},
    Author = {Ransom, John Crowe},
    Booktitle = {The World's Body},
    Keywords = {sakai},
    Location = {New York},
    Publisher = {Scribner},
    Title = {The World's Body},
    Year = {1938},
    url = {https://sakai.rutgers.edu/access/content/group/f4c20120-44b2-4309-802a-543ef7f6a4cb/ransom.pdf} 
}

@book{griswold:regionalism,
    Address = {Chicago},
    Author = {Griswold, Wendy},
    Keywords = {sakai},
    Publisher = {University of Chicago Press},
    Title = {Regionalism and the Reading Class},
    Year = {2008}
}

@article{mufti:orientalism,
    Author = {Mufti, Aamir R.},
    Issue = {Spring},
    Journal = {Critical Inquiry},
    Keywords = {online},
    Pages = {458--93},
    Title = {Orientalism and the Institution of World Literatures},
    Volume = {36},
    Year = {2010},
    number = {3},
    url = {http://www.jstor.org.proxy.libraries.rutgers.edu/stable/10.1086/653408}
}

@book{leavis:fiction,
    Author = {Leavis, Q.~D.},
    Keywords = {sakai},
    Location = {London},
    Publisher = {{Chatto and Windus}},
    Title = {Fiction and the Reading Public},
    Year = {1965}
}


@book{edwards:practice,
    address = {Cambridge},
    title = {The Practice of Diaspora: Literature, Translation, and the Rise of Black Internationalism},
    shorttitle = {The Practice of Diaspora},
    publisher = {Harvard University Press},
    author = {Edwards, Brent Hayes},
    keywords = {sakai},
    year = {2003}, 
    url = {https://sakai.rutgers.edu/access/content/group/f4c20120-44b2-4309-802a-543ef7f6a4cb/edwards-practice.pdf}
}

@book{woolf:bennett,
    author = {Woolf, Virginia},
    title = {Mr. Bennett and Mrs. Brown},
    address = {London},
    publisher = {Hogarth Press},
    year = {1924},
    keywords = {sakai},
    annotation = {Available on Resources page of Sakai site.}
}

@book{radway:romance,
    author = {Radway, Janice A.},
    title = {Reading the Romance},
    subtitle = {Women, Patriarchy, and Popular Literature},
    address = {Chapel Hill},
    publisher = {University of North Carolina Press},
    year = {1984},
    keywords = {sakai}
}

@article{orsini:india,
    author = {Orsini, Francesca},
    title = {India in the Mirror of World Fiction},
    journaltitle = {New Left Review},
    volume = {13},
    date = {2002-01/2002-02},
    url = {http://newleftreview.org.proxy.libraries.rutgers.edu/article/download_pdf?id=2369},
    pages = {75--88},
    keywords = {online}
} 

@article{guillory:how,
    author = {Guillory, John},
    title = {How Scholars Read},
    journaltitle = {ADE Bulletin},
    issue = {Fall},
    year = {2008},
    volume = {146},
    pages = {8-17},
    url = {https://sakai.rutgers.edu/access/content/group/f4c20120-44b2-4309-802a-543ef7f6a4cb/guillory-how.pdf},
    keywords = {sakai}
}

@article{eliot:tradition,
    author = {Eliot, T. S.},
    title = {Tradition and the Individual Talent},
    journaltitle = {Egoist},
    volume = {6},
    date = {1919-09/1919-12},
    url = {http://dl.lib.brown.edu/mjp/render.php?view=mjp_object&id=EgoistCollection},
    pages = {54–55, 72–73}
}

@inbook{brooks:paradox,
    author = {Brooks, Cleanth},
    title = {The Language of Paradox},
    booktitle = {The Well Wrought Urn},
    booksubtitle = {Studies in the Structure of Poetry},
    publisher = {Harvest},
    date = {1947},
    chapter = {1},
    url = {https://sakai.rutgers.edu/access/content/group/f4c20120-44b2-4309-802a-543ef7f6a4cb/brooks-paradox.pdf},
}
