
@book{wilentz_major_1992,
	location = {Lexington, Mass.},
	title = {Major problems in the early republic, 1787--1848: documents and essays},
	isbn = {0669243329 9780669243321},
	shorttitle = {Major problems in the early republic, 1787-1848},
	language = {English},
	publisher = {{D.C.} Heath},
	author = {Wilentz, Sean},
	date = {1992}
}

@book{ohmer_george_2006,
	title = {George Gallup in Hollywood},
	isbn = {0231121334},
	pagetotal = {336},
	publisher = {Columbia University Press},
	author = {Ohmer, Susan},
	date = {2006-11-01},
	keywords = {{§Dissertation}, {•@Owned}, {•Read}, Secondary}
}

@article{levallois_sloppy_2012,
	title = {Sloppy Data Floods or Precise Social Science Methodologies? Dilemmas in the Transition to Data-Intensive Research in Sociology and Economics},
	author = {Levallois, Clement and Steinmetz, Stephanie and Wouters, Paul},
	date = {2012},
	keywords = {Secondary}
}

@book{meyer_five_1981,
	location = {Albany, {N.Y}},
	title = {The five dollar day: labor management and social control in the Ford Motor Company, 1908--1921},
	isbn = {0873955080},
	shorttitle = {The five dollar day},
	pagetotal = {249},
	series = {Suny series in American social history},
	publisher = {State University of New York Press},
	author = {Meyer, Stephen},
	date = {1981},
	keywords = {Automobile industry and trade, Automobile industry workers, History, Machinery in the workplace, Michigan Highland Park, Personnel management History, Technological innovations Social aspects History}
}

@article{kinnahan_charting_2008,
	title = {Charting Progress: Francis Amasa Walker's Statistical Atlas of the United States and Narratives of Western Expansion},
	volume = {60},
	issn = {1080-6490},
	url = {http://muse.jhu.edu.ezproxy.neu.edu/journals/american_quarterly/v060/60.2.kinnahan.html},
	doi = {10.1353/aq.0.0012},
	shorttitle = {Charting Progress},
	issue = {2},
	pages = {399--423},
	journaltitle = {American Quarterly},
	author = {Kinnahan, Thomas P.},
	
	date = {2008},
	note = {{\textless}p{\textgreater}Volume 60, Number 2, June 2008{\textless}/p{\textgreater}}
}

@article{blair_reading_2003,
	title = {Reading Strategies for Coping With Information Overload ca.1550--1700},
	volume = {64},
	issn = {1086-3222},
	url = {http://dash.harvard.edu/bitstream/handle/1/3228379/blair%202003.pdf?sequence=2&quot;},
	doi = {10.1353/jhi.2003.0014},
	issue = {1},
	pages = {11--28},
	journaltitle = {Journal of the History of Ideas},
	author = {Blair, Ann},
	
	date = {2003}
}

@book{igo_averaged_2007,
	location = {Cambridge, Mass},
	title = {The averaged American: surveys, citizens, and the making of a mass public},
	isbn = {0674023218},
	shorttitle = {The averaged American},
	pagetotal = {398},
	publisher = {Harvard University Press},
	author = {Igo, Sarah Elizabeth},
	date = {2007},
	keywords = {20th century, History, National characteristics, American, Secondary, Social conditions, Social surveys, United States}
}

@book{taylor_principles_2006,
	location = {New York},
	title = {The principles of scientific management},
	isbn = {1596058897  9781596058897},
	language = {English},
	publisher = {Cosimo},
	author = {Taylor, Frederick Winslow},
	date = {2006}
}

@book{hannah_governmentality_2000,
	location = {Cambridge [England]},
	title = {Governmentality and the mastery of territory in nineteenth-century America},
	isbn = {0521660335 (hbk.)},
	series = {Cambridge studies in historical geography 32},
	publisher = {Cambridge University Press},
	author = {Hannah, Matthew G.},
	date = {2000},
	keywords = {Secondary}
}

@online{_original_????,
	title = {The original proposal of the {WWW}, {HTMLized}},
	url = {http://www.w3.org/History/1989/proposal.html},
	
}

@article{bush_as_1945,
	title = {As We May Think},
	issn = {1072-7825},
	url = {http://www.theatlantic.com/magazine/archive/1945/07/as-we-may-think/303881/},
	entrysubtype = {magazine},
	journaltitle = {The Atlantic},
	author = {Bush, Vannevar},
	
	date = {1945-07}
}

@article{muller-wille_natural_2012,
	title = {Natural history and information overload: The case of Linnaeus},
	volume = {43},
	issn = {1369-8486},
	url = {http://www.sciencedirect.com/science/article/pii/S1369848611001130},
	doi = {10.1016/j.shpsc.2011.10.021},
	shorttitle = {Natural history and information overload},
	issue = {1},
	pages = {4--15},
	journaltitle = {Studies in History and Philosophy of Science Part C: Studies in History and Philosophy of Biological and Biomedical Sciences},
	shortjournal = {Studies in History and Philosophy of Science Part C: Studies in History and Philosophy of Biological and Biomedical Sciences},
	author = {Müller-Wille, Staffan and Charmantier, Isabelle},
	
	date = {2012-03},
	keywords = {Genus, Information overload, Linnaeus, Natural history, Natural system, Paper technologies}
}

@article{edwards_early_1960,
	title = {Early Bookkeeping and Its Development into Accounting},
	volume = {34},
	rights = {Copyright © 1960 The President and Fellows of Harvard College},
	issn = {0007-6805},
	url = {http://www.jstor.org/stable/3111429},
	doi = {10.2307/3111429},
	issue = {4},
	pages = {446--458},
	journaltitle = {The Business History Review},
	shortjournal = {The Business History Review},
	author = {Edwards, James Don},
	
	date = {1960-12-01},
	note = {{ArticleType:} research-article / Full publication date: Winter, 1960 / Copyright © 1960 The President and Fellows of Harvard College}
}

@report{friendly_milestones_2009,
	title = {Milestones in the history of thematic cartography, statistical graphics, and data visualization},
	url = {http://www.math.yorku.ca/SCS/Gallery/milestone/milestone.pdf},
	institution = {York University},
	author = {Friendly, Michael},
	date = {2009-08-24}
}

@article{lubar_not_1992,
	title = {{"Do} Not Fold, Spindle or Mutilate”: A Cultural History of the Punch Card},
	volume = {15},
	issn = {1542-{734X}},
	url = {http://onlinelibrary.wiley.com/doi/10.1111/j.1542-734X.1992.1504_43.x/abstract},
	doi = {10.1111/j.1542-734X.1992.1504_43.x},
	shorttitle = {{“Do} Not Fold, Spindle or Mutilate”},
	language = {en},
	issue = {4},
	pages = {43–55},
	journaltitle = {Journal of American Culture},
	author = {Lubar, Steven},
	
	date = {1992}
}

@article{light_when_1999,
	title = {When computers were women},
	volume = {40},
	issue = {3},
	pages = {455},
	journaltitle = {Technology and Culture},
	author = {Light, Jennifer},
	date = {1999}
}

@online{_analytical_????,
	title = {The Analytical Language of John Wilkins},
	url = {http://www.alamut.com/subj/artiface/language/johnWilkins.html},
	
}

@book{kidder_soul_1981,
	location = {Boston},
	title = {The soul of a new machine},
	isbn = {0316491705 9780316491709},
	language = {English},
	publisher = {Little, Brown},
	author = {Kidder, Tracy},
	date = {1981}
}

@article{lois_mandel_computer_1967,
	title = {The Computer Girls},
	pages = {52--56},
	entrysubtype = {magazine},
	journaltitle = {Cosmopolitan},
	author = {Kidder, Tracy},
	date = {1967}
}

@book{mackinnon_consent_2012,
	location = {New York},
	title = {Consent of the networked : the world-wide struggle for Internet freedom},
	shorttitle = {Consent of the networked},
	language = {eng},
	pagetotal = {294},
	publisher = {Basic Books},
	author = {{MacKinnon}, Rebecca},
	date = {2012},
	keywords = {Freedom of information., Internet Censorship., Internet Political aspects., Internet Social aspects., World politics 21st century.}
}

@book{ensmenger_computer_2010,
	location = {Cambridge, Mass.},
	title = {The computer boys take over computers, programmers, and the politics of technical expertise},
	isbn = {9780262289351  0262289350},
	url = {http://books.google.com/books?id=nixSAQAAIAAJ},
	language = {English},
	publisher = {{MIT} Press},
	author = {Ensmenger, Nathan},
	
	date = {2010}
}

@book{miller_assault_1971,
	title = {The assault on privacy: computers, data banks, and dossiers},
	url = {http://archive.org/details/assaultonprivacy00mill},
	shorttitle = {The assault on privacy},
	language = {eng},
	pagetotal = {364},
	publisher = {Ann Arbor, University of Michigan Press},
	author = {Miller, Arthur Raphael},
	editora = {{Internet Archive}},
	editoratype = {collaborator},
	
	date = {1971},
	keywords = {Privacy, Right of}
}

@book{beniger_control_1986,
	location = {Cambridge, Mass.},
	title = {The control revolution: technological and economic origins of the information society},
	isbn = {0674169859  9780674169852  0674169867  9780674169869},
	shorttitle = {The control revolution},
	language = {English},
	publisher = {Harvard University Press},
	author = {Beniger, James R},
	date = {1986}
}

@book{lemann_big_1999,
	location = {New York},
	title = {The big test: the secret history of the American meritocracy},
	isbn = {0374299846  9780374299842},
	shorttitle = {The big test},
	language = {English},
	publisher = {Farrar, Straus and Giroux},
	author = {Lemann, Nicholas},
	date = {1999}
}

@inbook{garvey_facts_2013,
	location = {Cambridge},
	title = {“facts and {FACTS”} : Abolitionists' Database Innovations},
	pages = {89--102},
	booktitle = {{"Raw} Data" is an oxymoron},
	publisher = {{MIT} Press},
	author = {Garvey, Ellen Gruber and Gitelman, Lisa},
	date = {2013}
}

@misc{borges_analytical_1999,
	title = {The Analytical Language of John Wilkins},
	publisher = {Alamut},
	author = {Borges, Jorge Luis},
	translator = {Vázquez, Lilia Graciela},
	date = {1999}
}

@book{anderson_american_1988,
	location = {New Haven},
	title = {The American census: a social history},
	isbn = {0300040148  9780300040142  0300047096  9780300047097},
	shorttitle = {The American census},
	language = {English},
	publisher = {Yale University Press},
	author = {Anderson, Margo J},
	date = {1988}
}

@book{gleick_information:_2011,
	location = {New York},
	title = {The information: a history, a theory, a flood},
	isbn = {9780375423727  0375423729},
	shorttitle = {The information},
	language = {English},
	publisher = {Pantheon Books},
	author = {Gleick, James},
	date = {2011}
}

@book{vaidhyanathan_googlization_2011,
	location = {Berkeley},
	title = {The Googlization of everything: (and why we should worry)},
	isbn = {9780520258822  0520258827  9780520948693  0520948696  9780520272897  0520272897},
	shorttitle = {The Googlization of everything},
	language = {English},
	publisher = {University of California Press},
	author = {Vaidhyanathan, Siva},
	date = {2011}
}

@book{berners-lee_weaving_1999,
	location = {San Francisco},
	title = {Weaving the Web: the original design and ultimate destiny of the World Wide Web by its inventor},
	isbn = {0062515861  9780062515865  {006251587X}  9780062515872},
	shorttitle = {Weaving the Web},
	language = {English},
	publisher = {{HarperSanFrancisco}},
	author = {Berners-Lee, Tim and Fischetti, Mark},
	date = {1999}
}

@inbook{bush_memex_1991,
	location = {San Diego, {CA}, {USA}},
	title = {Memex Revisited},
	isbn = {0-12-523270-5},
	url = {http://dl.acm.org/citation.cfm?id=132180.132193},
	pages = {197–216},
	booktitle = {From Memex to hypertext},
	publisher = {Academic Press Professional, Inc.},
	author = {Bush, Vannevar},
	editor = {Nyce, James M. and Kahn, Paul},
	
	date = {1991}
}

@book{foucault_order_1994,
	location = {New York},
	title = {The order of things: an archaeology of the human sciences},
	isbn = {0679753354 9780679753353},
	shorttitle = {The order of things},
	language = {English},
	publisher = {Vintage Books},
	author = {Foucault, Michel},
	date = {1994}
}

@book{fogel_time_1989,
	location = {New York},
	title = {Time on the cross: the economics of American negro slavery},
	isbn = {0393306208 9780393306200 0393312186 9780393312188},
	shorttitle = {Time on the cross},
	language = {English},
	publisher = {Norton},
	author = {Fogel, Robert William and Engerman, Stanley L},
	date = {1989}
}
